% -------------------------------------------------------------------------------------- %

@article{KoopmanOG,
    ISSN = {00278424, 10916490},
    URL = {http://www.jstor.org/stable/86259},
    author = {B. O. Koopman and J. V. Neumann},
    journal = {Proceedings of the National Academy of Sciences of the United States of America},
    number = {3},
    pages = {255--263},
    publisher = {National Academy of Sciences},
    title = {Dynamical Systems of Continuous Spectra},
    urldate = {2024-11-13},
    volume = {18},
    year = {1932}
}

@incollection{DMDmultiverse,
    title = {Chapter 4 - The multiverse of dynamic mode decomposition algorithms},
    editor = {Siddhartha Mishra and Alex Townsend},
    series = {Handbook of Numerical Analysis},
    publisher = {Elsevier},
    volume = {25},
    pages = {127-230},
    year = {2024},
    booktitle = {Numerical Analysis Meets Machine Learning},
    issn = {1570-8659},
    doi = {https://doi.org/10.1016/bs.hna.2024.05.004},
    url = {https://www.sciencedirect.com/science/article/pii/S1570865924000048},
    author = {Matthew J. Colbrook},
}


% -------------------------------------------------------------------------------------- %
