@book{bra,
  author         = {Martin Brandenburg},
  publisher      = {Springer Spektrum Berlin, Heidelberg},
  title          = {Einf√ºhrung in die Kategorientheorie},
  year           = {2016},
  doi            = {https://doi.org/10.1007/978-3-662-47068-8}
}

@misc{lei,
  title={Basic Category Theory}, 
  author={Tom Leinster},
  year={2016},
  eprint={1612.09375},
  archivePrefix={arXiv},
  primaryClass={math.CT}
}