@book{S2,
  title={Trace Ideals and Their Applications},
  author={Barry Simon},
  isbn={9780821849880},
  lccn={2005048059},
  series={Mathematical surveys and monographs},
  url={https://books.google.de/books?id=-1snx2pn59cC},
  year={2005},
  publisher={American Mathematical Society}
}