@misc{GAIO,
    author = {The GAIO.jl Team},
    title = {GAIO.jl},
    year = {2022},
    publisher = {GitHub},
    journal = {repository},
    howpublished = {\url{https://github.com/gaioguys/GAIO.jl.git}}
}

@misc{oldGAIO,
  author       = {Oliver Junge},
  howpublished = {\url{https://github.com/gaioguy/GAIO}},
  title        = {GAIO},
  year         = {2020}
}

@article{attr,
  author          = {Michael Dellnitz and Oliver Junge},
  journal         = {SIAM Journal on Numerical Analysis},
  number          = {36},
  title           = {On the Approximation of Complicated Dynamical Behavior},
  volume          = {2},
  year            = {1999}
}

@article{subalg,
  author          = {Michael Dellnitz and Andreas Hohmann},
  journal         = {Numerische Mathematik},
  number          = {75},
  title           = {A Subdivision Algorithm for the Computation of Unstable Manifolds and Global Attractors},
  year            = {1997},
  doi             = {https://doi.org/10.1007/s002110050240}
}

@proceedings{ergobook,
  editor          = {Bernold Fiedler},
  published       = {Springer Berlin},
  title           = {Ergodic Theory, Analysis, and Efficient Simulations of Dynamical Systems},
  volume          = {1},
  year            = {2001},
  doi             = {https://doi.org/10.1007/978-3-642-56589-2},
}

@inproceedings{algGAIO,
  author          = {Michael Dellnitz and Oliver Junge and Gary Froyland},
  booktitle       = {Ergodic Theory, Analysis, and Efficient Simulations of Dynamical Systems},
  editor          = {Bernold Fiedler},
  title           = {The Algorithms Behind GAIO - Set Oriented Numerical Methods for Dynamical Systems},
  year            = {2001},
  crossref        = {dynbook},
  pages           = {145--174}
}

@article{adap1,
  author          = {Michael Dellnitz and Oliver Junge},
  journal         = {Computing and Visualization in Science},
  number          = {1},
  title           = {An Adaptive Subdivision Technique for the Approximation of Attractors and Invariant Measures},
  volume          = {1},
  year            = {2010},
  doi             = {https://doi.org/10.1007/s007910050006}
}

@article{adap2,
  author          = {Michael Dellnitz and Oliver Junge},
  journal         = {Computing and Visualization in Science},
  number          = {1},
  title           = {An adaptive subdivision technique for the approximation of attractors and invariant measures. Part II: Proof of convergence},
  volume          = {1},
  year            = {2010},
  doi             = {https://doi.org/10.1080/14689360109696233}
}

@article{infdim,
  author          = {Sarah Day and Oliver Junge and K. Mischaikow},
  journal         = {SIAM Journal on Applied Dynamical Systems},
  number          = {2},
  title           = {A Rigorous Numerical Method for the Global Analysis of Infinite-Dimensional Discrete Dynamical Systems},
  volume          = {3},
  year            = {2004},
  doi             = {https://doi.org/10.1137/030600210}
}

@book{dynbook,
  author         = {George Osipenko},
  publisher      = {Springer Berlin},
  title          = {Dynamical Systems, Graphs, and Algorithms},
  year           = {2007},
  doi            = {https://doi.org/10.1007/3-540-35593-6}
}

@unpublished{dynskript,
  author = {Andreas Johann},
  note   = {lecture notes},
  title  = {Nichtlineare Dinamik},
  year   = {2021}
}

@article{julia,
  author          = {Jeff Bezanson and Stefan Karpinski and Viral B. Shah and Alan Edelman},
  journal         = {arXiv},
  title           = {Julia: A fast dynamic language for technical computing.},
  year            = {2012},
  doi             = {https://doi.org/10.48550/arXiv.1209.5145}
}

@manual{matlab,
  address         = {Natick, Massachusetts},
  organization    = {The Mathworks, Inc.},
  title           = {{MATLAB version 9.3.0.713579 (R2017b)}},
  year            = {2017}
}